@inproceedings{mccanne:bpf,
	author = {Steven McCanne and Van Jacobson},
	title = {The {BSD} Packet Filter:
		 A New Architecture for User-level Packet Capture},
	crossref = {USENIX93W},
}

@inproceedings{engler:dpf,
	title = {{DPF}: Fast, flexible message demultiplexing using dynamic code
generation},
	author = {Dawson R. Engler and M. Frans Kaashoek},
	crossref = {SIGCOMM96},
	pages = {53--59},
}

@inproceedings{engler:vcode,
	title = {\textsc{VCODE}: A retargetable, extensible, very fast dynamic code generation system},
	author = {Dawson R. Engler},
	crossref = {PLDI96},
	pages = {160--170},
}

@article{reis:chrome,
	title = {Browser Security: Lessons from {Google} {Chrome}},
	author = {Charles Reis and Adam Barth and Carlos Pizano},
	pages = {45--49},
	volume = {52},
	number = {8},
	journal = {Communications of the ACM},
	year = {2009},
	month = jun,
}

@article{godefroid:sage,
	author = {Patrice Godefroid and Michael Y. Levin and David Molnar},
	title = {{SAGE}: Whitebox Fuzzing for Security Testing},
	year = {2012},
	month = jan,
	journal = {Communications of the ACM},
	volume = {55},
	number = {3},
	pages= {41--44},
}

@misc{inetdiag:ss,
	author = {Alexey Kuznetosv},
	title = {{SS} Utility: Quick Intro},
	note = {\url{http://www.cyberciti.biz/files/ss.html}},
	year = {2001},
	month = sep,
}

@misc{seccomp-bpf,
	author = {Will Drewry},
	title = {{SEC}ure {COMP}uting with filters},
	note = {\url{http://lwn.net/Articles/498231/}},
	year = {2012},
	month = jan,
}

@misc{corbet:bpf,
	author = {Jonathan Corbet},
	title = {A {JIT} for packet filters},
	note = {\url{http://lwn.net/Articles/437981/}},
	year = {2011},
	month = apr,
}

@misc{clamav:sdiv,
	note = {\url{http://bugzilla.clamav.net/show_bug.cgi?id=6482}},
	title = {Bug 6482 - incorrect sdiv check in \cc{bytecode_vm.c}},
	year = {2013},
	key = {ClamAV},
}

@misc{dbsd:div,
	note = {\url{http://bugs.dragonflybsd.org/issues/1748}},
	title = {DragonFlyBSD Bug 1748},
	year = {2010},
	key = {DragonFlyBSD},
}

@misc{aml:spec,
	note = {\url{http://www.acpi.info/DOWNLOADS/ACPIspec50.pdf}},
	title = {Advanced Configuration and Power Interface Specification},
	year = {2011},
	month = dec,
	author = {{Hewlett}-{Packard} and {Intel} and {Microsoft} and {Phoenix} and {Toshiba}},
}

@misc{bitcoin:script,
    note = {\url{https://en.bitcoin.it/wiki/Script}},
    title = {Script - {Bitcoin}},
    year = {2013},
    key = {Bitcoin},
}

@misc{bitcoin-paper,
	author = {Satoshi Nakamoto},
    note = {\url{http://bitcoin.org/bitcoin.pdf}},
    title = {Bitcoin: A Peer-to-Peer Electronic Cash System},
    year = {2008},
}

@misc{clamav:llvm,
	note = {\url{http://blog.clamav.net/2011/11/bytecode-signatures-for-polymorphic.html}},
	title = {Bytecode signatures for polymorphic malware},
	year = {2010},
	month = nov,
	author = {Alberto Wu},
}

@misc{truetype:inst,
    note = {\url{https://developer.apple.com/fonts/TTRefMan/RM05/Chap5.html}},
    title = {The Instruction Set},
    year = "2011",
    key = {TrueType},
}

@misc{truetype:intro,
    note = {\url{http://www.truetype-typography.com/tthints.htm}},
    title = {{TrueType} Hinting},
    year = "2012",
    key = {TrueType},
}

@techreport{udvm:rfc,
	note = {\url{http://www.ietf.org/rfc/rfc3320.txt}},
	title = {Signaling Compression ({SigComp})},
	year = {2003},
	number = {3320},
	type = {RFC},
	month = jan,
	author = {R. Price and C. Bormann and J. Christoffersson and H. Hannu and Z. Liu and J. Rosenberg},
}

@misc{rar:vm,
    note = {\url{http://blog.cmpxchg8b.com/2012/09/fun-with-constrained-programming.html}},
    title = {Fun with Constrained Programming},
    author = {Tavis Ormandy},
    year = {2012},
    key = {RarVM},
}

@misc{sigwald:jailbreakme,
	note = {\url{http://esec-lab.sogeti.com/post/Analysis-of-the-jailbreakme-v3-font-exploit}},
	title = {Analysis of the jailbreakme v3 font exploit},
	year = {2011},
	month = jul,
	author = {Jean Sigwald},
}

@techreport{pickle:vm,
	note = {\url{http://www.python.org/dev/peps/pep-3154}},
	title = {{Pickle} protocol version~4},
	type = {PEP},
	number = {3154},
	author = {Antoine Pitrou},
	year = {2011},
	month = dec,
}

@misc{pickle:wp,
    note = {\url{https://media.blackhat.com/bh-us-11/Slaviero/BH_US_11_Slaviero_Sour_Pickles_WP.pdf}},
    title = {Sour Pickles: Shellcoding in {Python}'s serialisation format},
    author = {Marco Slaviero},
    year = {2011},
}

@misc{mcaalister:jit,
	title = {Attacking hardened {Linux} systems with kernel {JIT} spraying},
	year = {2012},
	month = nov,
	note = {\url{http://mainisusuallyafunction.blogspot.com/2012/11/attacking-hardened-linux-systems-with.html}},
	author = {Keegan McAllister},
}

@misc{type2:spec,
    note = {\url{http://partners.adobe.com/public/developer/en/font/5177.Type2.pdf}},
    title = {The Type 2 Charstring Format},
    year = {2000},
    month = mar,
    author = {Adobe Systems Incorporated},
}

@inproceedings{cox:xoc,
	title = {{Xoc}, an Extension-Oriented Compiler for Systems Programming},
	author = {Russ Cox and Tom Bergan and Austin T. Clements and M. Frans Kaashoek and Eddie Kohler},
	crossref = {ASPLOS08},
	pages = {244--254},
}
